@article{Mansfield_2012,
    Author = {Shane Mansfield and Tobias Fritz},
    Title = {Hardy's Non-locality Paradox and Possibilistic Conditions for Non-locality},
    Year = {2011},
    Eprint = {arXiv:1105.1819},
    Howpublished = {Foundations of Physics, Volume 42, Number 5 (2012), 709-719},
    Doi = {10.1007/s10701-012-9640-1},
}

@book{Pearl_2009,
  title={{Causality: Models, Reasoning, and Inference}},
  author={Pearl, Judea},
  isbn={9780511803161},
  url={http://ebooks.cambridge.org/ebook.jsf?bid=CBO9780511803161},
  year={2009},
  publisher={Cambridge University Press},
  DOI={10.1017/CBO9780511803161}
}

@article{Inflation,
    Author = {Elie Wolfe and Robert W. Spekkens and Tobias Fritz},
    Title = {The Inflation Technique for Causal Inference with Latent Variables},
    Year = {2016},
}

@article{Fritz_2012,
    Author = {Tobias Fritz},
    Title = {Beyond Bell's Theorem: Correlation Scenarios},
    Year = {2012},
    Eprint = {arXiv:1206.5115},
    Howpublished = {New J. Phys. 14 103001 (2012)},
    Doi = {10.1088/1367-2630/14/10/103001},
}

@article{CHSH_Original,
    title = {Proposed experiment to test local hidden-variable theories},
    author = {Clauser, John F. and Horne, Michael A. and Shimony, Abner and Holt, Richard A.},
    journal = {Phys. Rev. Lett.},
    volume = {23},
    issue = {15},
    pages = {880--884},
    numpages = {0},
    year = {1969},
    month = {Oct},
    publisher = {American Physical Society},
    doi = {10.1103/PhysRevLett.23.880},
    url = {http://link.aps.org/doi/10.1103/PhysRevLett.23.880}
}

@book{Bradley_1977,
  title={{Causality: Models, Reasoning, and Inference}},
  author={Pearl, Judea},
  isbn={9780511803161},
  url={http://ebooks.cambridge.org/ebook.jsf?bid=CBO9780511803161},
  year={2009},
  publisher={Cambridge University Press},
  DOI={10.1017/CBO9780511803161}
}

@article{Fritz_2011,
    Author = {Tobias Fritz and Rafael Chaves},
    Title = {Entropic Inequalities and Marginal Problems},
    Year = {2011},
    Eprint = {arXiv:1112.4788},
    Howpublished = {IEEE Trans. on Information Theory, vol. 59, pages 803 - 817 (2013)},
    Doi = {10.1109/TIT.2012.2222863},
}

@article{Fritz_2014,
    Author = {Tobias Fritz},
    Title = {Beyond Bell's Theorem II: Scenarios with arbitrary causal structure},
    Year = {2014},
    Eprint = {arXiv:1404.4812},
    Howpublished = {Comm. Math. Phys. 341(2), 391-434 (2016)},
    Doi = {10.1007/s00220-015-2495-5},
}