@article{Mansfield_2012,
    Author = {Shane Mansfield and Tobias Fritz},
    Title = {Hardy's Non-locality Paradox and Possibilistic Conditions for Non-locality},
    Year = {2011},
    Eprint = {arXiv:1105.1819},
    Howpublished = {Foundations of Physics, Volume 42, Number 5 (2012), 709-719},
    Doi = {10.1007/s10701-012-9640-1},
}

@book{Pearl_2009,
  title={{Causality: Models, Reasoning, and Inference}},
  author={Pearl, Judea},
  isbn={9780511803161},
  url={http://ebooks.cambridge.org/ebook.jsf?bid=CBO9780511803161},
  year={2009},
  publisher={Cambridge University Press},
  DOI={10.1017/CBO9780511803161}
}

@book{Neilsen_Chaung_2011,
    Author = {Michael A. Nielsen and Isaac L. Chuang},
    Title = {Quantum Computation and Quantum Information: 10th Anniversary Edition},
    Publisher = {Cambridge University Press},
    Year = {2011},
    ISBN = {1107002176},
    URL = {http://cua.mit.edu/8.422/Reading%20Material/NOTES-schmidt-decomposition-and-epr-from-nielsen-and-chuang-p109.pdf},
    pages = {109},
    chapter = {The Schmidt decomposition and purifications},
}

@article{Bancal_2010,
    doi = {10.1088/1751-8113/43/38/385303},
    url = {http://dx.doi.org/10.1088/1751-8113/43/38/385303},
    year  = {2010},
    month = {aug},
    publisher = {{IOP} Publishing},
    volume = {43},
    number = {38},
    pages = {385303},
    author = {Jean-Daniel Bancal and Nicolas Gisin and Stefano Pironio},
    title = {Looking for symmetric Bell inequalities},
    journal = {Journal of Physics A: Mathematical and Theoretical}
}

@article{Pal_2010,
    doi = {10.1103/physreva.82.022116},
    url = {http://dx.doi.org/10.1103/PhysRevA.82.022116},
    year  = {2010},
    month = {aug},
    publisher = {American Physical Society ({APS})},
    volume = {82},
    number = {2},
    author = {K{\'{a}}roly F. P{\'{a}}l and Tam{\'{a}}s V{\'{e}}rtesi},
    title = {Maximal violation of a bipartite three-setting,  two-outcome Bell inequality using infinite-dimensional quantum systems},
    journal = {Phys. Rev. A}
}

@article{Kavvadias_2005,
    doi = {10.7155/jgaa.00107},
    url = {http://dx.doi.org/10.7155/jgaa.00107},
    year  = {2005},
    publisher = {Journal of Graph Algorithms and Applications},
    volume = {9},
    number = {2},
    pages = {239--264},
    author = {Dimitris J. Kavvadias and Elias C. Stavropoulos},
    title = {An Efficient Algorithm for the Transversal Hypergraph Generation},
    journal = {{JGAA}}
}

@book{Naimark,
    Author = {Asher Peres},
    Title = {Quantum Theory: Concepts and Methods (Fundamental Theories of Physics)},
    Publisher = {Springer},
    Year = {1995},
    ISBN = {0792336321},
    chapter = {9.6},
    pages = {285},
}

@article{Petz_2012,
    doi = {10.1088/1751-8113/45/8/085306},
    url = {http://dx.doi.org/10.1088/1751-8113/45/8/085306},
    year  = {2012},
    month = {feb},
    publisher = {{IOP} Publishing},
    volume = {45},
    number = {8},
    pages = {085306},
    author = {D{\'{e}}nes Petz and L{\'{a}}szl{\'{o}} Ruppert},
    title = {Optimal quantum-state tomography with known parameters},
    journal = {Journal of Physics A: Mathematical and Theoretical}
}

@article{Petz_2015,
    Author = {Dénes Petz and László Ruppert},
    Title = {Optimal quantum-state tomography with known parameters},
    Year = {2015},
    Eprint = {arXiv:1511.06666},
    Howpublished = {Journal of Physics A: Mathematical and Theoretical 45 (8), 085306
      (2012)},
    Doi = {10.1088/1751-8113/45/8/085306},
}

@article{Cirelson_1980,
    doi = {10.1007/bf00417500},
    url = {http://dx.doi.org/10.1007/BF00417500},
    year  = {1980},
    month = {mar},
    publisher = {Springer Science $\mathplus$ Business Media},
    volume = {4},
    number = {2},
    pages = {93--100},
    author = {B. S. Cirel'son},
    title = {Quantum generalizations of Bell's inequality},
    journal = {Lett Math Phys}
}

@article{Brunner_2013,
    Author = {Nicolas Brunner and Daniel Cavalcanti and Stefano Pironio and Valerio Scarani and Stephanie Wehner},
    Title = {Bell nonlocality},
    Year = {2013},
    Eprint = {arXiv:1303.2849},
    Howpublished = {Rev. Mod. Phys. 86, 419 (2014)},
    Doi = {10.1103/RevModPhys.86.419},
}

@misc{Hedemann_2013,
    Author = {S. R. Hedemann},
    Title = {Hyperspherical Parameterization of Unitary Matrices},
    Year = {2013},
    Eprint = {arXiv:1303.5904},
}

@article{Grasmair_2014,
    Author = {Markus Grasmair},
    Title = {On the Existence of a Cholesky Factorization},
    Year = {2014},
    url = {https://wiki.math.ntnu.no/_media/ma2501/2014v/cholesky.pdf}
}

@article{James_2001,
    doi = {10.1103/physreva.64.052312},
    url = {http://dx.doi.org/10.1103/PhysRevA.64.052312},
    year  = {2001},
    month = {oct},
    publisher = {American Physical Society ({APS})},
    volume = {64},
    number = {5},
    author = {Daniel F. V. James and Paul G. Kwiat and William J. Munro and Andrew G. White},
    title = {Measurement of qubits},
    journal = {Phys. Rev. A}
}

@article{Fujii_2005,
    Author = {Kazuyuki Fujii and Kunio Funahashi and Takayuki Kobayashi},
    Title = {Jarlskog's Parametrization of Unitary Matrices and Qudit Theory},
    Year = {2005},
    Eprint = {arXiv:quant-ph/0508006},
    Howpublished = {Int.J.Geom.Meth.Mod.Phys. 3(2006) 269-283},
}

@article{Tavakoli_2015,
    Author = {Armin Tavakoli},
    Title = {Quantum Correlations in Connected Multipartite Bell Experiments},
    Year = {2015},
    Eprint = {arXiv:1509.08491},
    Howpublished = {J. Phys. A: Math and Theor 49, 145304 (2016)},
    Doi = {10.1088/1751-8113/49/14/145304},
}

@article{Wood_2012,
    Author = {Christopher J. Wood and Robert W. Spekkens},
    Title = {The lesson of causal discovery algorithms for quantum correlations: Causal explanations of Bell-inequality violations require fine-tuning},
    Year = {2012},
    Eprint = {arXiv:1208.4119},
    Howpublished = {New J. Phys. 17, 033002 (2015)},
    Doi = {10.1088/1367-2630/17/3/033002},
}

@article{Spengler_2010_Unitary,
    Author = {Christoph Spengler and Marcus Huber and Beatrix C. Hiesmayr},
    Title = {A composite parameterization of unitary groups, density matrices and subspaces},
    Year = {2010},
    Eprint = {arXiv:1004.5252},
    Howpublished = {J. Phys. A: Math. Theor. 43, 385306 (2010)},
    Doi = {10.1088/1751-8113/43/38/385306},
}

@misc{PR_1995,
    Author = {D. Rohrlich and S. Popescu},
    Title = {Nonlocality as an axiom for quantum theory},
    Year = {1995},
    Eprint = {arXiv:quant-ph/9508009},
}

@article{Lahaie_2008,
    Author = {Sébastien Lahaie},
    Title = {How to take the Dual of a Linear Program},
    Year = {2008},
    url = {http://www.cs.columbia.edu/coms6998-3/lpprimer.pdf},
}

@book{Bradley_1977,
    author = {{Bradley, Hax, and Magnanti}},
    title = {Applied Mathematical Programming},
    publisher = {Addison-Wesley},
    year = {1977},
    url = {http://web.mit.edu/15.053/www/AMP-Chapter-04.pdf},
    chapter = {4},
    pages = {143-144}
}

@article{Inflation,
    Author = {Elie Wolfe and Robert W. Spekkens and Tobias Fritz},
    Title = {The Inflation Technique for Causal Inference with Latent Variables},
    Year = {2016},
}

@article{Moler_2003,
    doi = {10.1137/s00361445024180},
    url = {http://dx.doi.org/10.1137/S00361445024180},
    year  = {2003},
    month = {jan},
    publisher = {Society for Industrial {\&} Applied Mathematics ({SIAM})},
    volume = {45},
    number = {1},
    pages = {3--49},
    author = {Cleve Moler and Charles Van Loan},
    title = {Nineteen Dubious Ways to Compute the Exponential of a Matrix,  Twenty-Five Years Later},
    journal = {{SIAM} Rev.}
}

@article{Fritz_2012,
    Author = {Tobias Fritz},
    Title = {Beyond Bell's Theorem: Correlation Scenarios},
    Year = {2012},
    Eprint = {arXiv:1206.5115},
    Howpublished = {New J. Phys. 14 103001 (2012)},
    Doi = {10.1088/1367-2630/14/10/103001},
}

@article{CHSH_Original,
    title = {Proposed experiment to test local hidden-variable theories},
    author = {Clauser, John F. and Horne, Michael A. and Shimony, Abner and Holt, Richard A.},
    journal = {Phys. Rev. Lett.},
    volume = {23},
    issue = {15},
    pages = {880--884},
    numpages = {0},
    year = {1969},
    month = {Oct},
    publisher = {American Physical Society},
    doi = {10.1103/PhysRevLett.23.880},
    url = {http://link.aps.org/doi/10.1103/PhysRevLett.23.880}
}

@article{Fritz_2011,
    Author = {Tobias Fritz and Rafael Chaves},
    Title = {Entropic Inequalities and Marginal Problems},
    Year = {2011},
    Eprint = {arXiv:1112.4788},
    Howpublished = {IEEE Trans. on Information Theory, vol. 59, pages 803 - 817 (2013)},
    Doi = {10.1109/TIT.2012.2222863},
}

@article{Fritz_2014,
    Author = {Tobias Fritz},
    Title = {Beyond Bell's Theorem II: Scenarios with arbitrary causal structure},
    Year = {2014},
    Eprint = {arXiv:1404.4812},
    Howpublished = {Comm. Math. Phys. 341(2), 391-434 (2016)},
    Doi = {10.1007/s00220-015-2495-5},
}